@preamble{ "\newcommand{\noopsort}[1]{} "
	# "\newcommand{\printfirst}[2]{#1} "
	# "\newcommand{\singleletter}[1]{#1} "
	# "\newcommand{\switchargs}[2]{#2#1} " }
	
@Book{Durbin1998,
  title={Biological Sequence Analysis: Probabilistic Models of Proteins and Nucleic Acids},
  author={Richard Durbin and Sean R. Eddy and Anders Krogh and Graeme J. Mitchison},
  publisher = {Cambridge University Press},
  year={1998}
}

@article{von2007tutorial,
  title={A tutorial on spectral clustering},
  author={Ulrike Von Luxburg},
  journal={Statistics and computing},
  volume={17},
  number={4},
  pages={395--416},
  year={2007},
  publisher={Springer}
}

@article{gath1989unsupervised,
  title={Unsupervised optimal fuzzy clustering},
  author={Isak Gath and Amir B. Geva},
  journal={IEEE Transactions on pattern analysis and machine intelligence},
  volume={11},
  number={7},
  pages={773--780},
  year={1989},
  publisher={IEEE}
}

@misc{Porechop,
  author = {Ryan R. Wick},
  title = {Porechop},
  year = 2017,
  howpublished = {\url{https://github.com/rrwick/Porechop}},
  note = {Accessed: 2019-10-1}
}

@article{NeedlemanWunsch,
    title = "A general method applicable to the search for similarities in the amino acid sequence of two proteins",
    journal = "Journal of Molecular Biology",
    volume = "48",
    number = "3",
    pages = "443 - 453",
    year = "1970",
    issn = "0022-2836",
    author = "Saul B. Needleman and Christian D. Wunsch"
}

@article{SmithWaterman,
    author = "T.F. Smith and M.S. Waterman",
    title = "Identification of common molecular subsequences",
    journal = "Journal of Molecular Biology",
    volume = "147",
    number = "1",
    pages = "195 - 197",
    year = "1981"
}

@article{Deepbinner,
    title = 	{Deepbinner: Demultiplexing barcoded Oxford Nanopore reads with deep convolutional neural networks},
    author =	{Ryan R. Wick and Louise M. Judd and Kathryn E. Holt and Mihaela Pertea},
    journal = {PLOS Computational Biology},
    volume = {14},
    number = {11},
    year = {2018},
}

@techreport{Boza2017Scaling,
 author={Vladimír Boža and  Broňa Brejová and  Tomáš Vinař},
 title={{Improving Nanopore Reads Raw Signal Alignment}},
 number={arXiv:1705.01620},
 institution={arXiv},
 year={2017}
}

@misc{BarcodesONT,
    author = {Oxford Nanopore Technologies},
    title = {Introduction to barcoding kits},
    howpublished = {\url{https://community.nanoporetech.com/technical_documents/chemistry-technical-document/v/chtd_500_v1_revt_07jul2016/barcoding-kits}},
    note = {Accessed: 2020-01-27}
}

@misc{storeONT,
    author = {Oxford Nanopore Technologies},
    title = {Store},
    howpublished = {\url{https://store.nanoporetech.com}},
    note = {Accessed: 2020-04-17}
}

@article{doi:10.1080/01621459.1971.10482356,
    author = { William M.   Rand },
    title = {Objective Criteria for the Evaluation of Clustering Methods},
    journal = {Journal of the American Statistical Association},
    volume = {66},
    number = {336},
    pages = {846-850},
    year  = {1971},
    publisher = {Taylor & Francis},
    doi = {10.1080/01621459.1971.10482356},
    URL = {         https://www.tandfonline.com/doi/abs/10.1080/01621459.1971.10482356
    },
    eprint = {            https://www.tandfonline.com/doi/pdf/10.1080/01621459.1971.10482356
    }
}


@article{randIndex,
 ISSN = {01621459},
 URL = {http://www.jstor.org/stable/2284239},
 author = {William M. Rand},
 journal = {Journal of the American Statistical Association},
 number = {336},
 pages = {846--850},
 publisher = {[American Statistical Association, Taylor & Francis, Ltd.]},
 title = {Objective Criteria for the Evaluation of Clustering Methods},
 volume = {66},
 year = {1971}
}

@article{shi2000normalized,
  title={Normalized cuts and image segmentation},
  author={Jianbo Shi and Jitendra Malik},
  journal={IEEE Transactions on Pattern Analysis and Machine Intelligence},
  volume={22},
  number={8},
  pages={888--905},
  year={2000},
  publisher={IEEE}
}

@book{kruskal1978multidimensional,
  title={Multidimensional scaling},
  author={Kruskal, Joseph B and Wish, Myron},
  number={11},
  year={1978},
  publisher={Sage}
}

@misc{KmertablesONT,
    author = {Oxford Nanopore Technologies},
    title = {Kmer models},
    howpublished = {\url{https://github.com/nanoporetech/kmer_models}},
    note = {Accessed: 2020-01-27}
}

@article{silhouette1987,
    title = "Silhouettes: A graphical aid to the interpretation and validation of cluster analysis",
    journal = "Journal of Computational and Applied Mathematics",
    volume = "20",
    pages = "53 - 65",
    year = "1987",
    issn = "0377-0427",
    doi = "https://doi.org/10.1016/0377-0427(87)90125-7",
    url = "http://www.sciencedirect.com/science/article/pii/0377042787901257",
    author = "Peter J. Rousseeuw",
    keywords = "Graphical display, cluster analysis, clustering validity, classification",
}

@article{hubert1985comparing,
  title={Comparing partitions},
  author={Hubert, Lawrence and Arabie, Phipps},
  journal={Journal of classification},
  volume={2},
  number={1},
  pages={193--218},
  year={1985},
  publisher={Springer}
}

@article {Karlin2264,
	author = {Karlin, S and Altschul, S F},
	title = {Methods for assessing the statistical significance of molecular sequence features by using general scoring schemes},
	volume = {87},
	number = {6},
	pages = {2264--2268},
	year = {1990},
	publisher = {National Academy of Sciences},
	issn = {0027-8424},
	URL = {https://www.pnas.org/content/87/6/2264},
	eprint = {https://www.pnas.org/content/87/6/2264.full.pdf},
	journal = {Proceedings of the National Academy of Sciences}
}

@article{scikit-learn,
 title={Scikit-learn: Machine Learning in {P}ython},
 author={Pedregosa, F. and Varoquaux, G. and Gramfort, A. and Michel, V.
         and Thirion, B. and Grisel, O. and Blondel, M. and Prettenhofer, P.
         and Weiss, R. and Dubourg, V. and Vanderplas, J. and Passos, A. and
         Cournapeau, D. and Brucher, M. and Perrot, M. and Duchesnay, E.},
 journal={Journal of Machine Learning Research},
 volume={12},
 pages={2825--2830},
 year={2011}
}

@article{rousseeuw1987silhouettes,
  title={Silhouettes: a graphical aid to the interpretation and validation of cluster analysis},
  author={Rousseeuw, Peter J},
  journal={Journal of computational and applied mathematics},
  volume={20},
  pages={53--65},
  year={1987},
  publisher={North-Holland}
}

@misc{pybind11,
   author = {Wenzel Jakob and Jason Rhinelander and Dean Moldovan},
   year = {2017},
   note = {\url{https://github.com/pybind/pybind11}},
   title = {pybind11 — Seamless operability between {C}++11 and {P}ython}
}

@book{multiprocessor,
    author = {Herlihy, Maurice and Shavit, Nir},
    title = {The Art of Multiprocessor Programming},
    year = {2008},
    isbn = {0123705916},
    publisher = {Morgan Kaufmann Publishers Inc.},
    address = {San Francisco, CA, USA}
}

@misc{frobnorm,
   author = {Weisstein, Eric W.},
   howpublished = {\url{https://mathworld.wolfram.com/FrobeniusNorm.html}},
   title = {"{F}robenius {N}orm." {M}ath{W}orld--{A} {W}olfram {W}eb {R}esource},
   note = {Accessed: 2020-03-20}
}

@article{silva2013data,
  title={Data stream clustering: A survey},
  author={Silva, Jonathan A and Faria, Elaine R and Barros, Rodrigo C and Hruschka, Eduardo R and Carvalho, Andr{\'e} CPLF de and Gama, Jo{\~a}o},
  journal={ACM Computing Surveys (CSUR)},
  volume={46},
  number={1},
  pages={1--31},
  year={2013},
  publisher={ACM New York, NY, USA}
}

@inproceedings{kong2011fast,
  title={A fast incremental spectral clustering for large data sets},
  author={Kong, Tengteng and Tian, Ye and Shen, Hong},
  booktitle={2011 12th International Conference on Parallel and Distributed Computing, Applications and Technologies},
  pages={1--5},
  year={2011},
  organization={IEEE}
}

@article{schubert2017dbscan,
  title={DBSCAN revisited, revisited: why and how you should (still) use DBSCAN},
  author={Schubert, Erich and Sander, J{\"o}rg and Ester, Martin and Kriegel, Hans Peter and Xu, Xiaowei},
  journal={ACM Transactions on Database Systems (TODS)},
  volume={42},
  number={3},
  pages={1--21},
  year={2017},
  publisher={ACM New York, NY, USA}
}

@article{chang2017unified,
  title={A unified framework for sampling, clustering and embedding data points in semi-metric spaces},
  author={Chang, Chia-Tai and Chang, Cheng-Shang},
  journal={arXiv preprint arXiv:1708.00316},
  year={2017}
}

@article{douglas1973algorithms,
  title={Algorithms for the reduction of the number of points required to represent a digitized line or its caricature},
  author={Douglas, David H and Peucker, Thomas K},
  journal={Cartographica: the international journal for geographic information and geovisualization},
  volume={10},
  number={2},
  pages={112--122},
  year={1973},
  publisher={University of Toronto Press}
}

@article {Stoiber094672,
	author = {Stoiber, Marcus and Quick, Joshua and Egan, Rob and Eun Lee, Ji and Celniker, Susan and Neely, Robert K. and Loman, Nicholas and Pennacchio, Len A and Brown, James},
	title = {De novo Identification of DNA Modifications Enabled by Genome-Guided Nanopore Signal Processing},
	elocation-id = {094672},
	year = {2017},
	doi = {10.1101/094672},
	publisher = {Cold Spring Harbor Laboratory},
	URL = {https://www.biorxiv.org/content/early/2017/04/10/094672},
	eprint = {https://www.biorxiv.org/content/early/2017/04/10/094672.full.pdf},
	journal = {bioRxiv}
}

@article{li2018minimap2,
  title={Minimap2: pairwise alignment for nucleotide sequences},
  author={Li, Heng},
  journal={Bioinformatics},
  volume={34},
  number={18},
  pages={3094--3100},
  year={2018},
  publisher={Oxford University Press}
}

@inproceedings{yi1998efficient,
  title={Efficient retrieval of similar time sequences under time warping},
  author={Yi, Byoung-Kee and Jagadish, Hosagrahar V and Faloutsos, Christos},
  booktitle={Proceedings 14th International Conference on Data Engineering},
  pages={201--208},
  year={1998},
  organization={IEEE}
}

@article{ambardar2016high,
  title={High throughput sequencing: an overview of sequencing chemistry},
  author={Ambardar, Sheetal and Gupta, Rikita and Trakroo, Deepika and Lal, Rup and Vakhlu, Jyoti},
  journal={Indian journal of microbiology},
  volume={56},
  number={4},
  pages={394--404},
  year={2016},
  publisher={Springer}
}

@article{hagberg2005networkx,
  title={Networkx: Python software for the analysis of networks},
  author={Hagberg, A and Schult, D and Swart, P},
  journal={Mathematical Modeling and Analysis, Los Alamos National Laboratory},
  year={2005}
}

@article{pray2008discovery,
  title={{D}iscovery of {DNA} structure and {f}unction: {W}atson and {C}rick},
  author={Pray, Leslie},
  journal={Nature Education},
  volume={1},
  number={1},
  pages={100},
  year={2008}
}

@article{qian2013spectral,
  title={Spectral clustering with unbalanced data},
  author={Qian, Jing and Saligrama, Venkatesh},
  journal={arXiv preprint arXiv:1302.5134},
  year={2013}
}

@article{tharwat2018classification,
  title={Classification assessment methods},
  author={Tharwat, Alaa},
  journal={Applied Computing and Informatics},
  year={2018},
  publisher={Elsevier}
}

@incollection{davis2011remarks,
  title={Remarks on some nonparametric estimates of a density function},
  author={Davis, Richard A and Lii, Keh-Shin and Politis, Dimitris N},
  booktitle={Selected Works of Murray Rosenblatt},
  pages={95--100},
  year={2011},
  publisher={Springer}
}

@article{parzen1962estimation,
  title={On estimation of a probability density function and mode},
  author={Parzen, Emanuel},
  journal={The annals of mathematical statistics},
  volume={33},
  number={3},
  pages={1065--1076},
  year={1962},
  publisher={JSTOR}
}

@article{brito1997connectivity,
  title={Connectivity of the mutual k-nearest-neighbor graph in clustering and outlier detection},
  author={Brito, MR and Chavez, EL and Quiroz, AJ and Yukich, JE},
  journal={Statistics \& Probability Letters},
  volume={35},
  number={1},
  pages={33--42},
  year={1997},
  publisher={Elsevier}
}

@inproceedings{ng2002spectral,
  title={On spectral clustering: Analysis and an algorithm},
  author={Ng, Andrew Y and Jordan, Michael I and Weiss, Yair},
  booktitle={Advances in neural information processing systems},
  pages={849--856},
  year={2002}
}

@misc{kerneldensity,
   author = {scikit-learn developers},
   howpublished = {\url{https://scikit-learn.org/stable/modules/density.html}},
   title = {"{D}ensity {E}stimation."},
   note = {Accessed: 2020-05-05}
}

@misc{fbetascore,
   author = {scikit-learn developers},
   howpublished = {\url{https://scikit-learn.org/stable/modules/generated/sklearn.metrics.fbeta_score.html}},
   title = {"{F}-beta score."},
   note = {Accessed: 2020-06-16}
}

@misc{smacof,
   author = {scikit-learn developers},
   howpublished = {\url{https://scikit-learn.org/stable/modules/generated/sklearn.manifold.smacof.html}},
   title = {"{SMACOF}."},
   note = {Accessed: 2020-06-16}
}

@misc{CUDA,
   author = {NVIDIA},
   howpublished = {\url{https://developer.nvidia.com/cuda-zone}},
   title = {{C}ompute {U}nified {D}evice {A}rchitecture (CUDA) {P}rogramming {G}uide},
   note = {Accessed: 2020-06-17}
}

@book{rosenberg2009sequence,
  title={Sequence alignment: methods, models, concepts, and strategies},
  author={Rosenberg, Michael S},
  year={2009},
  publisher={{U}niversity of {C}alifornia {P}ress}
}

@inproceedings{elkan2003using,
  title={Using the triangle inequality to accelerate k-means},
  author={Elkan, Charles},
  booktitle={Proceedings of the 20th international conference on machine learning (ICML-03)},
  pages={147--153},
  year={2003}
}

@inproceedings{stella2003multiclass,
  title={Multiclass spectral clustering},
  author={Stella, X Yu and Shi, Jianbo},
  booktitle={null},
  pages={313},
  year={2003},
  organization={IEEE}
}

@article{kruskal1983overview,
  title={An overview of sequence comparison: Time warps, string edits, and macromolecules},
  author={Kruskal, Joseph B},
  journal={SIAM review},
  volume={25},
  number={2},
  pages={201--237},
  year={1983},
  publisher={SIAM}
}

@article{loose2016real,
  title={Real-time selective sequencing using nanopore technology},
  author={Loose, Matthew and Malla, Sunir and Stout, Michael},
  journal={Nature methods},
  volume={13},
  number={9},
  pages={751},
  year={2016},
  publisher={Nature Publishing Group}
}

@book{harmanVSA,
    author = {Radoslav Harman},
    title = {Multivariate Statistical Analysis: Selected Lecture Notes},
    year = {2020},
    publisher = {Department of Applied Mathematics and Statistics},
    address = {Comenius University in Bratislava}
}

@article{derpanis2008bhattacharyya,
  title={The bhattacharyya measure},
  author={Derpanis, Konstantinos G},
  journal={Mendeley Computer},
  volume={1},
  number={4},
  pages={1990--1992},
  year={2008}
}

@misc{harmanPersonal,
  author = "{H}arman, {R}adoslav",
  date = "2020-05-04",
  howpublished = "personal communication"
}

@article{kruskal1964nonmetric,
  title={Nonmetric multidimensional scaling: a numerical method},
  author={Kruskal, Joseph B},
  journal={Psychometrika},
  volume={29},
  number={2},
  pages={115--129},
  year={1964},
  publisher={Springer-Verlag}
}

@article{mead1992review,
  title={Review of the development of multidimensional scaling methods},
  author={Mead, Al},
  journal={Journal of the Royal Statistical Society: Series D (The Statistician)},
  volume={41},
  number={1},
  pages={27--39},
  year={1992},
  publisher={Wiley Online Library}
}